%%%%%%%%%%%%%%%%%%%%%%%%%%%%%%%%%%%%%%%%%%%%%%%%%%%%%%%%%%%%%%%%%%%%%%%%%%%%%%%
%% Descr:       Vorlage für Berichte der DHBW-Karlsruhe, BibTeX
%% Author:      Prof. Dr. Jürgen Vollmer, vollmer AT dhbw-karlsruhe.de
%% $Id: bericht.bib,v 1.10 2016/03/16 12:27:42 vollmer draft $
%% -*- coding: utf-8 -*-
%%%%%%%%%%%%%%%%%%%%%%%%%%%%%%%%%%%%%%%%%%%%%%%%%%%%%%%%%%%%%%%%%%%%%%%%%%%%%%%

%%%%
%%  declararion of abbreviations
%%%%
@STRING{addison		= "Addison-Wesley"}

%%%%%%%%%%%%%%%%%%%%%%%%%%%%%%%%%%%%%%%%%%%%%%%%%%%%%%%%%%%%%%%%%%%%%%%%%%%%%%%

@BOOK{knuth.1984a,
AUTHOR		= "Knuth, Donald E.",
TITLE		= "The \TeX{}book",
PUBLISHER	= addison,
YEAR		= 1984
}

@BOOK{lamport.1995a,
AUTHOR		= "Lamport, Leslie",
TITLE		= "Das \LaTeX\ Handbuch",
PUBLISHER	= addison,
YEAR		= 1995
}

@BOOK{EnergyPolicy.2016a,
AUTHOR		= "Energy Policy, R. Winkel+ U. Wddige+ D. Johnson+ V. Hoen+ S. Papaefthimiou",
TITLE		= "Shore Side Electricity in europe: Potential and environmental benefits",
PUBLISHER	= "ELSEVIER",
YEAR		= 2016
}

@BOOK{HandE.2003a,
AUTHOR		= "hydrology and Earth System Sciences, W. Schöpp+ M. Posch+ S. Mylona+ M. Johansson",
TITLE		= "Long-term development of acid deposition (1880-2030) in sensitive freshwater regions in Europe",
PUBLISHER	= "Hydrology \& Earth System Sciences",
YEAR		= 2016
}

%%%%%%%%%%%%%%%%%%%%%%%%%%%%%%%%%%%%%%%%%%%%%%%%%%%%%%%%%%%%%%%%%%%%%%%%%%%%%%%

% Referenzieren von URL's
@MISC{SICK.2021a,
  AUTHOR	= "SICK AG, o.V.",
  TITLE		= "Übersicht über das Unternehmen \emph{D SICK AG}",
  HOWPUBLISHED 	= "\url{https://www.sick.com/de/de/ueber-sick/w/about-sick/}",
  YEAR		= 2021,
  MONTH		= sep
}

@MISC{Kfz_Auskunft,
  AUTHOR	= "kfzauskunft.de, o.V.",
  TITLE		= "Schadstoffklassen Euro 1, 2, 3, 4, 5, 6, 7 und I bis VI",
  HOWPUBLISHED 	= "\url{https://www.kfz-auskunft.de/umwelt/schadstoffklassen.php}",
  YEAR		= 2022,
  MONTH		= feb
}

@MISC{Zoll,
  AUTHOR	= "Zoll, o.V.",
  TITLE		= "Steuersätze für Energierzeugnisse nach \S 2 Abs. 1 EnergieStG",
  HOWPUBLISHED 	= "\url{https://www.zoll.de/DE/Fachthemen/Steuern/Verbrauchsteuern/Energie/Grundsaetze-Besteuerung/Steuerhoehe/steuerhoehe_node.html}",
  YEAR		= 2022,
  MONTH		= feb
}


%%%%%%%%%%%%%%%%%%%%%%%%%%%%%%%%%%%%%%%%%%%%%%%%%%%%%%%%%%%%%%%%%%%%%%%%%%%%%%%
